
@book{coleman,
    title = {Calculus on Normed Vector Spaces},
    author = {Rodney Coleman},
    isbn = {978-1-4614-3893-9},
    series = {Universitext},
    publisher = {Springer-Verlag New York}
}

@book{lee,
    title = {Introduction to Topological Manifolds},
    author = {John Lee},
    isbn = {978-1-4614-2790-2},
    series = {Graduate Texts in Mathematics},
    publisher = {Springer-Verlag New York}
}